@misc{TeXnicCenter:2014:Online,
  key = "TeXnicCenter",
  title = {TeXnicCenter},
  month = jun,
  year = {2014},
  howpublished={\url{http://www.texniccenter.org/}}
}


@misc{bfs.internet.2011,
	key = "Bundesamt FÃ¼r Statistik",
	title = "Internet in den Schweizer Haushalten",
	year = {2011},
	howpublished={\url{http://www.bfs.admin.ch/bfs/portal/de/index/news/publikationen.html?publicationID=4258}}
}

@misc{google.play.wifitracker,
	key = "Google Play",
	title = "WiFi Tracker",
	year = {2013},
	howpublished={\url{https://play.google.com/store/apps/details?id=org.prowl.wifiscanner}}
}

@misc{google.play.tasker,
	key = "Google Play",
	title = "Tasker",
	year = {2015},
	howpublished={\url{https://play.google.com/store/apps/details?id=net.dinglisch.android.taskerm}}
}


@misc{google.play.taskcenter,
	key = "Google Play",
	title = "Task Center",
	year = {2015},
	howpublished={\url{https://play.google.com/store/apps/details?id=com.softicorp.android.taskcenter}}
}

@misc{google.play.nfcactions,
	key = "Google Play",
	title = "NFC Actions",
	year = {2013},
	howpublished={\url{https://play.google.com/store/apps/details?id=com.nfcquickactions.appfree}}
}